@Article{Havnes_Mogstad_2011_AEJEP,
Title = {No Child Left Behind: Subsidized Child Care and Children's Long-Run Outcomes},
Author = {Havnes, Tarjei and Mogstad, Magne},
Journal = {American Economic Journal: Economic Policy},
Year = {2011},

Month = {May},
Number = {2},
Pages = {97--129},
Volume = {3},

Doi = {10.1257/pol.3.2.97},
Owner = {Jessica Dyer},
Publisher = {JSTOR},
Timestamp = {2016.03.16}
}



@Article{Felfe_Lalive_2015_Germany,
Title = {Does Early Child Care Affect Children's Development?},
Author = {Felfe, Christina and Lalive, Rafael},
Journal = {Working Paper},
Year = {2015}
}




@Article{Datta-Gupta_2010_Denmark,
Title = {Non-cognitive child outcomes and universal high quality child care},
Author = {Datta-Gupta, N. and Simonsen, M},
Journal = {Journal of Public Economics},
Year = {2010},

Number = {1-2},
Pages = {30-43},
Volume = {94}
}



@Article{Drange_Havnes_2014_Norway,
Title = {Early and bright? Child care for toddlers and early cognitive skills},
Author = {Drange, N. and Havnes, T.},
Journal = {Technical report},
Year = {2014}
}



@Article{Dustmann_Raute_2012_Germany,
Title = {Does universal child care matter? Evidence from a large expansion in pre-school education},
Author = {Dustmann, C., Raute, A., and Schoenberg, U.},
Year = {2013}
}



@Article{Esping-Anderson_2011_Denmark,
Title = {Child care and school performance in Denmark and the United States},
Author = {Espring-Anderson, Gosta, Irwin Garfinkel, Wen-Jui Han, Katherine Magnuson, Sander Wagner, and Jane Waldfogel},
Journal = {Journal of Public Economics},
Year = {2010},

Number = {1-2},
Pages = {30-43},
Volume = {94}
}
